@book{acheson1990elementary,
author={Acheson, David},
title={{Elementary Fluid Dynamics}},
publisher={Clarendon Press},
year={1990}
}

@comment --- C ---

@book{childress2009introduction,
author={Childress, Stephen},
title={{An Introduction to Theoretical Fluid Dynamics}},
year={2009},
publisher={American Mathematical Society}
}

@comment --- J ---
@article{jennings1988air,
title = {{The mean free path in air}},
journal = {Journal of Aerosol Science},
volume = {19},
number = {2},
pages = {159-166},
year = {1988},
issn = {0021-8502},
doi = {10.1016/0021-8502(88)90219-4},
url = {https://www.sciencedirect.com/science/article/pii/0021850288902194},
author = {Jennings, S.G.}
}

@comment --- L ---
@book{lamb1945hydrodynamics,
author={Lamb, Horace},
title={Hydrodynamics},
edition={Sixth},
publisher={Dover},
year={1945}
}
@article{liu2016discrete,
   author={Liu, Chenchen and Reina, Celia},
   title={{Discrete Averaging Relations for Micro to Macro Transition}},
   volume={83},
   ISSN={1528-9036},
   DOI={10.1115/1.4033552},
   number={8},
   journal={Journal of Applied Mechanics},
   publisher={ASME International},
   year={2016},
   month=may,
   archivePrefix = {arXiv},
   eprint    = {1509.06621}
}


@comment --- R ---
@article{robison1968new,
  title={{A New Approach to Circular Functions, $\pi$ and $\lim (\sin x)/x$}},
  author={Robison, Gerson B},
  journal={Mathematics Magazine},
  volume={41},
  number={2},
  pages={66--70},
  year={1968},
  publisher={Taylor \& Francis},
  doi={10.2307/2689051}
}

@comment --- S ---
@book{sicm,
author={Sussman, Gerald Jay and Wisdom, Jack},
title={{Structure and Interpretation of Classical Mechanics}},
publisher={MIT Press},
edition={Second},
year={2015}
}